<record><leader>00000cas a2200000Ma 4500</leader><controlfield tag="001">10787767</controlfield><controlfield tag="008">840530d18481859nhuwr ne      0    0eng d</controlfield><controlfield tag="009">330</controlfield><datafield ind1=" " ind2=" " tag="010"><subfield code="a">sn 84023178 </subfield></datafield><datafield ind1=" " ind2=" " tag="040"><subfield code="a">AQM</subfield><subfield code="c">AQM</subfield></datafield><datafield ind1="0" ind2="4" tag="245"><subfield code="a">The Granite State Whig.</subfield></datafield><datafield ind1=" " ind2=" " tag="260"><subfield code="a">Lebanon, N.H. :</subfield><subfield code="b">Towle &amp; Cragin,</subfield><subfield code="c">1848-</subfield></datafield><datafield ind1=" " ind2=" " tag="300"><subfield code="a">v. ;</subfield><subfield code="c">59 cm.</subfield></datafield><datafield ind1=" " ind2=" " tag="310"><subfield code="a">Weekly</subfield></datafield><datafield ind1="0" ind2=" " tag="362"><subfield code="a">Vol. 4, no. 29 (June 9, 1848)-</subfield></datafield><datafield ind1="1" ind2=" " tag="362"><subfield code="a">Ceased with July 8, 1859 issue.</subfield><subfield code="z">Cf. Amer. newspapers, 1821-1936.</subfield></datafield><datafield ind1=" " ind2=" " tag="500"><subfield code="a">Editor: G.S. Towle, &lt;1850-1855&gt;.</subfield></datafield><datafield ind1=" " ind2=" " tag="500"><subfield code="a">Publisher: George S. Towle, 1849-1855.</subfield></datafield><datafield ind1=" " ind2=" " tag="500"><subfield code="a">Published every Friday.</subfield></datafield><datafield ind1=" " ind2=" " tag="500"><subfield code="a">Printer: John Weeks, Jr., &lt;1850&gt;.</subfield></datafield><datafield ind1=" " ind2="7" tag="655"><subfield code="a">Newspapers.</subfield><subfield code="2">rbgenr</subfield></datafield><datafield ind1="1" ind2=" " tag="700"><subfield code="a">Towle, George Sullivan,</subfield><subfield code="d">1815-1882.</subfield></datafield><datafield ind1=" " ind2=" " tag="752"><subfield code="a">United States</subfield><subfield code="b">New Hampshire</subfield><subfield code="c">Grafton</subfield><subfield code="d">Lebanon.</subfield></datafield><datafield ind1="0" ind2="0" tag="780"><subfield code="t">True Democrat and Granite State Whig (Haverhill, N.H.)</subfield><subfield code="w">(DLC)sn 84023175</subfield></datafield><datafield ind1="0" ind2="0" tag="785"><subfield code="t">Granite State free press</subfield><subfield code="w">(DLC)sn 84023179</subfield></datafield></record>